% This file was created with JabRef 2.6.
% Encoding: ANSI_X3.4-1968

@STRING{cjp = {Can. J. Phys.}}

@STRING{nim = {Nucl. Instr. Meth.}}

@STRING{nn = {Neutron News}}

@STRING{pb = {Physica B}}

@TECHREPORT{tas1_report,
  author = {A. Abrahamsen and N. B. Christensen and E. Lauridsen},
  title = {{McStas} simulations of the {TAS1} spectrometer},
  institution = {Niels Bohr Institute, University of Copenhagen},
  year = {1998},
  type = {Student's report}
}

@ARTICLE{Ageron89,
  author = {P. Ageron},
  journal = {Nucl. Inst. Meth. A},
  year = {1989},
  volume = {284},
  pages = {197}
}

@ARTICLE{Alianelli04,
  author = {L. Alianelli},
  journal = {J. Appl. Cryst.},
  year = {2004},
  volume = {37},
  pages = {732}
}

@BOOK{bacon,
  title = {Neutron Diffraction},
  publisher = {Oxford University Press},
  year = {1975},
  author = {G.E. Bacon}
}

@ARTICLE{blanc83,
  author = {Y. Blanc},
  journal = {ILL Report},
  year = {1983},
  volume = {83BL21G}
}

@ARTICLE{Clark66,
  author = {C.D. Clark and E.W.J. Mitchell and D.W. Palmer and I.H. Wilson},
  journal = {J. Sci. Instrum.},
  year = {1966},
  volume = {43},
  pages = {1}
}

@ARTICLE{pb_241_50,
  author = {K. N. Clausen and D. F. McMorrow and K. Lefmann and G. Aeppli and
	T. E. Mason and A. Schr{\"o}der and M. Issikii and M. Nohara and
	H. Takagi},
  title = {The {RITA} spectrometer at {R}is{\o} - design considerations and
	recent results},
  journal = pb,
  year = {1998},
  volume = {241-243},
  pages = {50-55}
}

@ARTICLE{Copley03,
  author = {J.R.D. Copley},
  journal = {Nucl. Instr. Meth.},
  year = {2003},
  volume = {A510},
  pages = {318}
}

@ARTICLE{Copley93,
  author = {J.R.D. Copley},
  journal = {J. Neut. Research},
  year = {1993},
  volume = {1},
  pages = {21}
}

@ARTICLE{mscat,
  author = {J.R.D Copley},
  journal = {Comput. Phys. Commun.},
  year = {1974},
  volume = {7},
  pages = {289}
}

@ARTICLE{Copley86,
  author = {J. R. D. Copley and P. Verkerk and A. A. van Well and H. Fredrikze},
  title = {Improved Monte Carlo calculation of multiple scattering effects in
	thermal neutron scattering experiments},
  journal = {Comput. Phys. Commun.},
  year = {1986},
  volume = {40},
  pages = {337},
  doi = {http://dx.doi.org/10.1016/0010-4655(86)90118-9},
  issn = {0010-4655}
}

@ARTICLE{Cussen03,
  author = {L. D. Cussen},
  journal = {J. Appl. Cryst.},
  year = {2003},
  volume = {36},
  pages = {1204}
}

@BOOK{ILLblue,
  title = {ILL Neutron Data Booklet},
  publisher = {OCP Science},
  year = {2003},
  author = {A.-J. Dianoux and G. Lander}
}

@BOOK{Egelstaff67,
  title = {An introduction to the liquid state},
  publisher = {Academic Press, London},
  year = {1967},
  author = {P.A. Egelstaff}
}

@ARTICLE{Farhi02,
  author = {E. Farhi and T. Hansen and A. Wildes and R. Ghosh and K. Lefmann},
  journal = {Appl. Phys.},
  year = {2002},
  volume = {A 74},
  pages = {S1471}
}

@ARTICLE{Fermi47,
  author = {E. Fermi and J. Marshall and L. Marshall},
  journal = {Phys. Rev.},
  year = {1947},
  volume = {72},
  pages = {193}
}

@ARTICLE{msc,
  author = {Bischoff FG and Yeater ML and Moore WE},
  journal = {Nuclear Science and Engineering},
  year = {1972},
  volume = {48},
  pages = {266}
}

@ARTICLE{fischer05,
  author = {H.E. Fischer and A.C. Barnes and P.S. Salmon},
  journal = {Rep. Prog. Phys.},
  year = {2006},
  volume = {69},
  pages = {233}
}

@ARTICLE{Freund83,
  author = {A.K. Freund},
  journal = {Nucl. Instr. Meth.},
  year = {1983},
  volume = {213},
  pages = {495}
}

@BOOK{Grimmett92,
  title = {Probability and Random Processes, 2nd Edition},
  publisher = {Clarendon Press, Oxford},
  year = {1992},
  author = {Grimmett and G. R. and Stirzakerand D. R.}
}

@ARTICLE{James80,
  author = {F. James},
  journal = {Rep.\ Prog.\ Phys.},
  year = {1980},
  volume = {43},
  pages = {1145}
}

@ARTICLE{discus,
  author = {M.W. Johnson},
  journal = {Harwell report},
  year = {March 1974},
  volume = {AERE - R 7682}
}

@ARTICLE{IDEAS,
  author = {W.-T. Lee and X.-L. Wang},
  journal = nn,
  year = {2002},
  volume = {13},
  pages = {30},
  note = {See website http://www.sns.gov/ideas/}
}

@ARTICLE{pb_283_343,
  author = {K. Lefmann and D. F. McMorrow and H. M. R{\o}nnow and K. Nielsen
	and K. N. Clausen and B. Lake and G. Aeppli},
  title = {Added flexibility in triple axis spectrometers: the two RITAs at
	Ris{\o}},
  journal = pb,
  year = {2000},
  volume = {283},
  pages = {343-354}
}

@ARTICLE{nn_10_20,
  author = {K. Lefmann and K. Nielsen},
  title = {McStas, a general software package for neutron ray-tracing simulations},
  journal = {Neutron News},
  year = {1999},
  volume = {10},
  pages = {20-23},
  doi = {10.1080/10448639908233684}
}

@ARTICLE{Lieutenant05,
  author = {K. Lieutenant},
  journal = {J. Phys.: Condens. Matter},
  year = {2005},
  volume = {17},
  pages = {S167}
}

@BOOK{lovesey84,
  title = {Theory of neutron scattering from condensed matter},
  publisher = {Oxford Clarendon Press},
  year = {1984},
  author = {S.W. Lovesey}
}

@ARTICLE{Lowde60,
  author = {R.A. Lowde},
  journal = {J. Nucl. Energy, Part A: Reactor Sci.},
  year = {1960},
  volume = {11},
  pages = {69}
}

@ARTICLE{Leibnitz63,
  author = {H. Maier-Leibnitz and T. Springer},
  journal = {Reactor Sci. Technol.},
  year = {1963},
  volume = {17},
  pages = {217}
}

@ARTICLE{Manzin04,
  author = {G. Manzin and B. Guerard and F.A.F. Fraga and L.M.S. Margato},
  journal = {Nucl. Instr. Meth.},
  year = {2004},
  volume = {A535},
  pages = {102}
}

@ARTICLE{cjp_73_697,
  author = {T. E. Mason and K. N. Clausen and G. Aeppli and D. F. McMorrow and
	J. K. Kjems},
  title = {{RITA}: {T}he reinvented triple axis spectrometer},
  journal = cjp,
  year = {1995},
  volume = {73},
  pages = {697-702}
}

@ARTICLE{Mildner90,
  author = {D.F.R. Mildner},
  journal = {Nucl. Instr. Meth.},
  year = {1990},
  volume = {A290},
  pages = {189}
}

@ARTICLE{Mildner77,
  author = {D.F.R. Mildner and C.A. Pellizari and J.M. Carpenter},
  journal = {Acta. Cryst. A},
  year = {1977},
  volume = {33},
  pages = {954}
}

@ARTICLE{neldermead,
  author = {J.A. Nelder and R. Mead},
  journal = {Computer Journal},
  year = {1965},
  volume = {7},
  pages = {308-313}
}

@ARTICLE{Charpak89,
  author = {V. Peskov and G. Charpak and W. Dominik and F. Sauli},
  journal = {Nucl. Instr. and Meth.},
  year = {1989},
  volume = {A277},
  pages = {547}
}

@ARTICLE{Peters05,
  author = {J. Peters},
  journal = {Nucl. Instr. Meth.},
  year = {2005},
  volume = {A540},
  pages = {419}
}

@BOOK{NumRecip,
  title = {Numerical Recipes (2nd Edition)},
  publisher = {Cambridge University Press},
  year = {2002},
  author = {W.H. Press and S.A. Teukolsky and W.T. Vetterling and B.P. Flannery}
}

@BOOK{num_rep,
  title = {Numerical {R}ecipes in {C}},
  publisher = {Cambridge University Press},
  year = {1986},
  author = {W. H. Press and S. A. Teukolsky and W. T. Vetterling and B. P. Flannery}
}

@ARTICLE{Radeka74,
  author = {V. Radeka},
  journal = {IEEE Trans. Nucl. Sci.},
  year = {1974},
  volume = {NS-21},
  pages = {51}
}

@ARTICLE{Restrax,
  author = {J. Saroun and J. Kulda},
  journal = pb,
  year = {1997},
  volume = {234},
  pages = {1102},
  note = {See website http://omega.ujf.cas.cz/restrax/}
}

@ARTICLE{Schanzer04,
  author = {C. Schanzer and P. Boni and U. Filges and T. Hils},
  journal = {Nucl. Instr. Meth.},
  year = {2004},
  volume = {A 529},
  pages = {63}
}

@ARTICLE{Sears97,
  author = {V.F. Sears},
  journal = {Acta Cryst.},
  year = {1997},
  volume = {A53},
  pages = {35}
}

@ARTICLE{Sears75,
  author = {V.F. Sears},
  journal = {Adv. Phys.},
  year = {1975},
  volume = {24},
  pages = {1}
}

@ARTICLE{pol_seeger,
  author = {P. A. Seeger and L. L. Daemen},
  title = {Numerical Solution of Bloch's Equation for Neutron Spin Precession},
  journal = nim,
  year = {2001},
  volume = {457},
  pages = {338}
}

@ARTICLE{NISP,
  author = {P. A. Seeger and L. L. Daemen and T. G. Thelliez and R. P. Hjelm},
  journal = pb,
  year = {2000},
  volume = {283},
  pages = {433}
}

@BOOK{Shirane02,
  title = {Neutron Scattering with a Triple-Axis Spectrometer},
  publisher = {Cambridge University Press},
  year = {2002},
  author = {G. Shirane and S.M. Shapiro and J.M. Tranquada}
}

@BOOK{squires,
  title = {Thermal Neutron Scattering},
  publisher = {Cambridge University Press},
  year = {1978},
  author = {G.L. Squires}
}

@ARTICLE{Vitess,
  author = {D. Wechsler and G. Zsigmond and F. Streffer and F. Mezei},
  journal = nn,
  year = {2000},
  volume = {25},
  pages = {11}
}

@ARTICLE{mcstas_pb,
  author = {P. Willendrup and E. Farhi and K. Lefmann},
  journal = pb,
  year = {2004},
  volume = {350},
  pages = {735}
}

@BOOK{mcstasmanual,
  title = {User and Programmers Guide to the Neutron Ray-Tracing Package McStas,
	Version 1.9},
  publisher = {Risoe Report},
  year = {2005},
  author = {Peter Willendrup and Emmanuel Farhi and Kim Lefmann and Klaus Lieutenant}
}

@BOOK{gavin,
  title = {Polarized Neutrons},
  publisher = {Oxford Clarendon Press},
  year = {1988},
  author = {W.~Gavin~Williams}
}

@ARTICLE{Zsigmond04,
  author = {G. Zsigmond and K. Lieutenant and S. Manoshin et al.},
  journal = nim,
  year = {2004},
  volume = {A 529},
  pages = {218}
}

@MISC{active_state_webpage,
  note = {See http://www.activestate.com}
}

@MISC{crystallographica,
  note = {Crystallographica, Oxford Cryosystem, 1998. See http://www.crystallographica.com}
}

@MISC{debian_webpage,
  note = {See http://www.debian.org/}
}

@MISC{dev_cpp_webpage,
  note = {See http://www.bloodshed.net/devcpp.html}
}

@MISC{ess_webpage,
  note = {See http://www.ess-europe.de}
}

@MISC{Fullprof,
  note = {Fullprof powder refinement. See http://www-llb.cea.fr/fullweb/fp2k/fp2k.htm}
}

@MISC{IB_webpage,
  note = {See http://neutrons-dev.ornl.gov/eqsans/software/ib/}
}

@MISC{icsd_ill,
  note = {ICSD, Inorganic Crystal Structure Database. See http://icsd.ill.fr}
}

@MISC{mcnp_webpage,
  note = {See http://mcnpx.lanl.gov/ and http://mcnp.lanl.gov/}
}

@MISC{mcnsi_webpage,
  note = {See http://mcnsi.risoe.dk/}
}

@MISC{mcstas_webpage,
  note = {See http://www.mcstas.org}
}

@MISC{mczilla_webpage,
  note = {See http://trac.mccode.org/report}
}

@MISC{NADS_webpage,
  note = {http://code.google.com/p/jnads/}
}

@MISC{nexus_webpage,
  note = {See http://www.neutron.anl.gov/nexus/}
}

@MISC{nisp_webpage,
  note = {See http://strider.lansce.lanl.gov/NISP/Welcome.html}
}

@MISC{nmi3_webpage,
  note = {See http://neutron-eu.net/en/}
}

@MISC{scilab_webpage,
  note = {See http://www-rocq.inria.fr/scilab/}
}

@MISC{sns_webpage,
  note = {See http://www.sns.gov/}
}

@MISC{tripoli_webpage,
  note = {See http://www.nea.fr/html/dbprog/tripoli-abs.html}
}

@MISC{ts2_webpage,
  note = {See http://ts-2.isis.rl.ac.uk/}
}

@MISC{ts2_webpage_ess,
  note = {See http://www.ess-scandinavia.eu/}
}

@MISC{vitess_webpage,
  note = {See http://www.hmi.de/projects/ess/vitess/}
}

