@article{Agostinelli:2002hh,
      author         = "Agostinelli, S. and others",
      title          = "{GEANT4: A Simulation toolkit}",
      collaboration  = "GEANT4",
      journal        = "Nucl.Instrum.Meth.",
      volume         = "A506",
      pages          = "250-303",
      doi            = "10.1016/S0168-9002(03)01368-8",
      year           = "2003",
      reportNumber   = "SLAC-PUB-9350, FERMILAB-PUB-03-339",
      SLACcitation   = "%%CITATION = NUIMA,A506,250;%%",
}

@note{kaspar,
title = "{Simulating Neutron Guides for the European Spallation Source}",
note ="{Master thesis, Niels Bohr Institute, University of Copenhagen}",
author="{Klen\o, K. H.}",
year ="{2008}"
}

@note{phil,
note ="{Private communications}",
author="{Bentley, P.}",
year ="{2013}"
}

@Article{Seltborg,
author  ="{P. Seltborg, A. Polanski, S. Petrochenkov, A. Lopatkin, W. Gudowski, V. Shvetsov}",
title   = "{Radiation shielding of high-energy neutrons in SAD}",
journal = "Nuclear Instruments and Methods in Physics, A",
volume  = "501",
pages   = "313",
year    = "2005"
}

@Article{ICRU,
  journal = {International Commission on Radiation Units and Measurements},
    title = {Conversion coefficients for use in radiological protection against external radiation},
  volume = {ICRU report 57, Bethesda, Maryland, US},
  year = 1998
}

@article{Battistoni:2007zzb,
      author         = "Battistoni, Giuseppe and Muraro, S. and Sala, Paola R.
                        and Cerutti, Fabio and Ferrari, A. and others",
      title          = "{The FLUKA code: Description and benchmarking}",
      journal        = "AIP Conf.Proc.",
      volume         = "896",
      pages          = "31-49",
      doi            = "10.1063/1.2720455",
      year           = "2007",
      reportNumber   = "SLAC-REPRINT-2007-184",
      SLACcitation   = "%%CITATION = APCPC,896,31;%%",
}

@article{Ferrari:2005zk,
      author         = "Ferrari, Alfredo and Sala, Paola R. and Fasso, Alberto
                        and Ranft, Johannes",
      title          = "{FLUKA: A multi-particle transport code (Program version
                        2005)}",
      year           = "2005",
      reportNumber   = "CERN-2005-010, SLAC-R-773, INFN-TC-05-11",
      SLACcitation   = "%%CITATION = CERN-2005-010 ETC.;%%",
}


@article{Waters:2007zza,
      author         = "Waters, Laurie S. and McKinney, Gregg W. and Durkee, Joe
                        W. and Fensin, Michael L. and Hendricks, John S. and
                        others",
      title          = "{The MCNPX Monte Carlo radiation transport code}",
      journal        = "AIP Conf.Proc.",
      volume         = "896",
      pages          = "81-90",
      doi            = "10.1063/1.2720459",
      year           = "2007",
      SLACcitation   = "%%CITATION = APCPC,896,81;%%",
}
@article{restrax,
author         = "Saroun, J. and Kulda, J.",
title          = "{RESTRAX - a program for TAS resolution calculation and scan profile simulation}",
journal="Physica B",
volume=" 234-236",
issue=" (June 2, 1997)", 
pages="1102-1104",
notes="ISSN: 0921-4526 "
}


@note{comp,
note = "{Component Manual for the Neutron Ray-Tracing Package McStas, Version 1.12}, Ris\o $-$R$-$1538(rev.ed.)(EN)",
author="{P. Willendrup, E. Knudsen, K. Lefmann and E. Farhi}",
year ="{2011}"
}

@note{man,
note = "{User and Programmers Guide to the Neutron Ray-Tracing Package McStas, Version 1.12c, Ris\o $-$R$-$1416(rev.ed.)(EN)}",
author="{P. Willendrup, E. Knudsen, E. Farhi and K. Lefmann}",
year ="{2011}"
}

@Article{nano,
author ="{V. Nesvizhevsky}",
journal = "Nuclear Instruments and Methods in Physics, A",
volume = "595",
pages ="631",
year ="2008"
}

@Article{iverson,
author ="{E.~Iverson}",
journal ="{Contribution 336, ICANS XX, March 4 - 9, 2012. Bariloche, Rio Negro, Argentina}",
}

@note{vised,
      note         = "\texttt{http://www.mcnpvised.com/}"
}

@note{mchome,
      note         = "\texttt{http://www.mcstas.org/}"
}

@Article{mcnp,
author ="{X-5 Monte Carlo Team}",
title ="{MCNP \texttt{-} A General Monte Carlo N-Particle Transport Code, Version 5. }",
note = "LA-UR-03-1987"
}

@Article{lefm:1999,
author = "K. Lefmann and K. Nielsen",
title  = "{McStas, a General Software Package for Neutron Ray-tracing Simulations}", 
journal = "Neutron News",
volume = "10", 
pages ="20", 
year = "1999"
}


@Article{vitess:2000,
author = "{D. Wechsler, G. Zsigmond, F. Streffer, J. A. Stride and F. Mezei}",
title  = "{"Monte-Carlo simulations for instrumentation at pulsed and continuous sources}", 
journal= "Physica B: Condensed Matter",
volume = "71",
pages ="276-278", 
year = "2000"
}

@Article{vitess:2007,
author = "{Zsigmond, Geza, et al.}",
title  = "{Monte Carlo simulations for the development of polarized neutron instrumentation: An overview.}",
journal= "Physica B: Condensed Matter",
volume = "397.1",
pages  = "115-119",
year   = "2007"
}



@Article{interface:2013,
author = "{E. Klinkby, et al.}",
title  = "{Developing an interface between MCNPX and McStas for simulation of neutron moderators}",
journal= "Nuclear Instruments \& Methods In Physics Research A",
volume = "700", 
pages  = "106-110",
year   = "February 2013"
} 

 (2012), http://dx.doi.org/10.1016/
j.nima.2012.10.052


@Article{will:2004,
author ="P. Willendrup and E. Farhi and K. Lefmann", 
 title     = "{McStas 1.7 a new version of the flexible Monte Carlo neutron scattering package}",
journal = "Physica B",
volume  = "350",
year = "2004",
pages = "E735"
}
@Article{will:2013,
author ="{P. Willendrup, E. Farhi, E. Knudsen, U. Filges and K. Lefmann}", 
 title     = "{McStas: Past, present and future}",
journal = " Journal of Neutron Research",
volume  = "13",
year = "2004",
notes = "Under publication",
doi= "DOI 10.3233/JNR-130004"
}

@Article{comp:2010,
author ="P. Willendrup and E. Knudsen and K. Lefmann and E. Farhi",
title  =" Component Manual for the Neutron Ray-Tracing Package McStas, Version 1.12.",
year ="2010",
note ="~Ris\o ~report: Ris\o$-$R$-$1538"
}

@Article{gallmeier:2009,
author ="{F. X. Gallmeier, M. Wohlmuther, U. Filges, D. Kiselev, G. Muhrer}",
title =" Implementation of Neutron Mirror Modeling Capability into MCNPX and Its Demonstration in First Applications",
journal ="Nuclear Technology",
volume ="{168(3)}",
pages ="768-772",
year ="2009"
}

@Article{fergu:2011,
author ="D. Baxtor and A. Crabtree and P. Ferguson and F. Gallmeier and E. Iverson and W. Lu and G. Muhrer",
title  ="Spallation Neutron Source Moderator Overview.",
note   ="~Presented at IAEA Advanced Moderator Workshop, Tsukuba, Japan, November 22-25, 2011"
}


@Article{wagner:2006,
author ="{W. Wagner, J. Mesot, P. Allenspach, G.Kuehne and H.M. Rønnow}",
title  ="The Swiss Spallation neutron source SINQ - developments and upgrades for optimized user service",
journal ="Physica B",
volume ="385-386", 
pages ="968-971",
year ="2006"
}

@inproceedings{seeger2004neutron_109to123,
  title={The neutron instrument simulation package, NISP},
  author={Seeger, P.A. and Daemen, L.L.},
  booktitle={Optical Science and Technology, the SPIE 49th Annual Meeting},
  pages={109--123},
  year={2004},
  organization={International Society for Optics and Photonics},
  citations={0010},
  citelinks={http://scholar.google.com/scholar?cites=17486614176735855715&as_sdt=5,32&sciodt=0,32&hl=en&num=100},
  query={L*Daemen},
  falsehit={no},
  instrument={FDS},
  facility={LUJAN}
}
%  URL ={http://proceedings.spiedigitallibrary.org/proceeding.aspx?articleid=849734},




@Article{wu:2009,
author ="{Y. Wu, FDS Team}",
title  ="CAD-based interface programs for fusion neutron transport simulation",
journal ="Fusion Engineering and Design",
volume ="84", 
pages ="1987 – 1992",
year ="2009"
}



@Article{interface_app2:2013,
author = "{E.B. Knudsen, E.B. Klinkby and P.K. Willendrup}",
title  = "{The McStas Neutron Logger and its applications???}",
journal= "???",
volume = "???", 
pages  = "???",
year   = "???"
} 

@article{Lone1981511,
title = "Prompt gamma rays from thermal-neutron capture ",
journal = "Atomic Data and Nuclear Data Tables",
volume = "26",
number = "6",
pages = "511 - 559",
year = "1981",
note = "",
issn = "0092-640X",
author = "M.A. Lone and R.A. Leavitt and D.A. Harrison"
}

